@misc{draft-bip-BetterHash,
  title={BetterHash Mining Protocol(s)},
  author={Matt Corallo},  
  url={https://github.com/TheBlueMatt/bips/blob/betterhash/bip-XXXX.mediawiki},
  year={2019}
}

@inproceedings{lalley2018quadratic,
  title={Quadratic voting: How mechanism design can radicalize democracy},
  author={Lalley, Steven P and Weyl, E Glen},
  booktitle={AEA Papers and Proceedings},
  volume={108},
  pages={33--37},
  year={2018}
}